% Encoding: UTF-8
@article{Li16,
	author = {Li, Fei and Jagadish, H. V.},
	title = {Understanding Natural Language Queries over Relational Databases},
	journal = {SIGMOD Rec.},
	issue_date = {March 2016},
	volume = {45},
	number = {1},
	month = jun,
	year = {2016},
	issn = {0163-5808},
	pages = {6--13},
	numpages = {8},
	publisher = {ACM},
	address = {New York, NY, USA}
} 

@article{Niu,
	author = {Niu, Feng and Zhang, Ce and R{\'e}, Christopher and Shavlik, Jude},
	title = {Elementary: Large-Scale Knowledge-Base Construction via Machine Learning and Statistical Inference},
	journal = {Int. J. Semant. Web Inf. Syst.},
	issue_date = {July 2012},
	volume = {8},
	number = {3},
	month = jul,
	year = {2012},
	issn = {1552-6283},
	pages = {42--73},
	numpages = {32},
	publisher = {IGI Global},
	address = {Hershey, PA, USA}
} 

@inproceedings{Chen14,
	author = {Chen, Yang and Wang, Daisy Zhe},
	title = {Knowledge Expansion over Probabilistic Knowledge Bases},
	booktitle = {Proceedings of the 2014 ACM SIGMOD International Conference on Management of Data},
	series = {SIGMOD '14},
	year = {2014},
	isbn = {978-1-4503-2376-5},
	location = {Snowbird, Utah, USA},
	pages = {649--660},
	numpages = {12},
	acmid = {2610516},
	publisher = {ACM},
	address = {New York, NY, USA}
} 

@Book{ibmwatson,
	title = {This is Watson},
	author = {IBM Journal of Research and Development},
	volume = {56(3/4)},
	month = {May/July},
	year = {2012},
	publisher = {IBM Co.},
	editor = {Murdock, J. William}
}

@article{Saha16,
	author = {Saha, Diptikalyan and Floratou, Avrilia and Sankaranarayanan, Karthik and Minhas, Umar Farooq and Mittal, Ashish R. and \"{O}zcan, Fatma},
	title = {ATHENA: An Ontology-driven System for Natural Language Querying over Relational Data Stores},
	journal = {Proc. VLDB Endow.},
	issue_date = {August 2016},
	volume = {9},
	number = {12},
	month = aug,
	year = {2016},
	issn = {2150-8097},
	pages = {1209--1220},
	numpages = {12},
	publisher = {VLDB Endowment}
} 


@inproceedings{PetermannMBPR17,
	author    = { Petermann, Andr� and
	 Micale, Giovanni and
	 Bergami, Giacomo and
	 Pulvirenti, Alfredo and
	 Rahm, Erhard},
	title     = {Mining and ranking of generalized multi-dimensional frequent subgraphs},
	booktitle = {Twelfth International Conference on Digital Information Management,
	{ICDIM} 2017, Fukuoka, Japan, September 12-14, 2017},
	pages     = {236--245},
	year      = {2017}
}

@article{Hu0YWZ18,
	author    = {Sen Hu and
	Lei Zou and
	Jeffrey Xu Yu and
	Haixun Wang and
	Dongyan Zhao},
	title     = {Answering Natural Language Questions by Subgraph Matching over Knowledge
	Graphs},
	journal   = {{IEEE} Trans. Knowl. Data Eng.},
	volume    = {30},
	number    = {5},
	pages     = {824--837},
	year      = {2018}
}

@Article{DeVirgilio2015,
	author="De Virgilio, Roberto
	and Maccioni, Antonio
	and Torlone, Riccardo",
	title="Approximate querying of RDF graphs via path alignment",
	journal="Distributed and Parallel Databases",
	year="2015",
	month="Dec",
	day="01",
	volume="33",
	number="4",
	pages="555--581"
}

@article{ALIGON201520,
	title = "A collaborative filtering approach for recommending OLAP sessions",
	journal = "Decision Support Systems",
	volume = "69",
	pages = "20 - 30",
	year = "2015",
	issn = "0167-9236",
	author = " Aligon, Julien and  Gallinucci, Enrico and  Golfarelli, Matteo and  Marcel, Patrick and  Rizzi, Stefano"
}

@article{WANG201834,
	title = "Clinical information extraction applications: A literature review",
	journal = "Journal of Biomedical Informatics",
	volume = "77",
	pages = "34 - 49",
	year = "2018",
	issn = "1532-0464",
	author = "Yanshan Wang and Liwei Wang and Majid Rastegar-Mojarad and Sungrim Moon and Feichen Shen and Naveed Afzal and Sijia Liu and Yuqun Zeng and Saeed Mehrabi and Sunghwan Sohn and Hongfang Liu",
	keywords = "Information extraction, Natural language processing, Application, Clinical notes, Electronic health records"
}

@article {Lazer1094,
	author = {Lazer, David M. J. and Baum, Matthew A. and Benkler, Yochai and Berinsky, Adam J. and Greenhill, Kelly M. and Menczer, Filippo and Metzger, Miriam J. and Nyhan, Brendan and Pennycook, Gordon and Rothschild, David and Schudson, Michael and Sloman, Steven A. and Sunstein, Cass R. and Thorson, Emily A. and Watts, Duncan J. and Zittrain, Jonathan L.},
	title = {The science of fake news},
	volume = {359},
	number = {6380},
	pages = {1094--1096},
	year = {2018},
	publisher = {American Association for the Advancement of Science},
	issn = {0036-8075},
	journal = {Science}
}

@InBook{imihl,
  chapter   = {Inconsistency Measures in Hybrid Logics},
  pages     = {169-194},
  title     = {Measuring Inconsistency in Information},
  publisher = {College Publications},
  year      = {2018},
  author    = {Costa, Diana and Martins, Manuel A.},
  editor    = {Grant, John and Martinez, Maria Vanina},
}

@article{FORTINEAU2015573,
	title = "Modeling domain knowledge using inference ontologies: an application to business rules management",
	journal = "IFAC-PapersOnLine",
	volume = "48",
	number = "3",
	pages = "573 - 578",
	year = "2015",
	note = "15th IFAC Symposium onInformation Control Problems inManufacturing",
	issn = "2405-8963",
	author = "V. Fortineau and A. Cornière and T. Paviot and S. Lamouri"
}



@article{SpeerCH16,
	author    = {Robert Speer and
	Joshua Chin and
	Catherine Havasi},
	title     = {ConceptNet 5.5: An Open Multilingual Graph of General Knowledge},
	journal   = {CoRR},
	volume    = {abs/1612.03975},
	year      = {2016},
}

@PhdThesis{DeepDivePhD,
  author = {Ce Zhang},
  title  = {DeepDive: A Data Management System for Automatic Knowledge Base Construction.},
  school = {University of Wisconsin-Madison},
  year   = {2015},
}

@article{Lependu11,
	author = {Lependu, Paea and Dou, Dejing},
	title = {Using Ontology Databases for Scalable Query Answering, Inconsistency Detection, and Data Integration},
	journal = {J. Intell. Inf. Syst.},
	issue_date = {October   2011},
	volume = {37},
	number = {2},
	month = oct,
	year = {2011},
	issn = {0925-9902},
	pages = {217--244},
	numpages = {28},
	publisher = {Kluwer Academic Publishers},
	address = {Hingham, MA, USA},
	keywords = {Database, Knowledge base, Ontology, Scalability, Semantic Web},
} 

@article{Fagin83,
	author = {Fagin, Ronald},
	title = {Degrees of Acyclicity for Hypergraphs and Relational Database Schemes},
	journal = {J. ACM},
	issue_date = {July 1983},
	volume = {30},
	number = {3},
	month = jul,
	year = {1983},
	issn = {0004-5411},
	pages = {514--550},
	numpages = {37},
	acmid = {322390},
	publisher = {ACM},
	address = {New York, NY, USA},
} 

@inproceedings{Consens90,
	author = {Consens, Mariano P. and Mendelzon, Alberto O.},
	title = {GraphLog: A Visual Formalism for Real Life Recursion},
	booktitle = {Proceedings of the Ninth ACM SIGACT-SIGMOD-SIGART Symposium on Principles of Database Systems},
	series = {PODS '90},
	year = {1990},
	isbn = {0-89791-352-3},
	location = {Nashville, Tennessee, USA},
	pages = {404--416},
	numpages = {13},
	url = {http://doi.acm.org/10.1145/298514.298591},
	doi = {10.1145/298514.298591},
	acmid = {298591},
	publisher = {ACM},
	address = {New York, NY, USA},
} 

@incollection{gmmp18,
	author      = " Grant, John and Martinez, Maria Vanina and Molinaro, Cristian  Parisi, Francesco",
	title       = "On Measuring Inconsistency in Spatio-Temporal Databases.",
	editor      = "Grant, J. and Martinez, M. V.",
	booktitle   = "Measuring Inconsistency in Information",
	publisher   = "College Publications",
	year        = 2018,
	pages       = "313-342",
	chapter     = 11,
}

@article{MINOUX19881,
	title = "LTUR: a simplified linear-time unit resolution algorithm for horn formulae and computer implementation",
	journal = "Information Processing Letters",
	volume = "29",
	number = "1",
	pages = "1 - 12",
	year = "1988",
	issn = "0020-0190",
	doi = "https://doi.org/10.1016/0020-0190(88)90124-X",
	url = "http://www.sciencedirect.com/science/article/pii/002001908890124X",
	author = "Michel Minoux",
	keywords = "Propositional calculus, Horn formula, unit resolution"
}